% This file was created with JabRef 2.8.1.
% Encoding: Cp1252
@article{reddy2018predicting,
  title={Predicting hospital readmission for lupus patients: An RNN-LSTM-based deep-learning methodology},
  author={Reddy, Bhargava K and Delen, Dursun},
  journal={Computers in biology and medicine},
  volume={101},
  pages={199--209},
  year={2018},
  publisher={Elsevier}
}
@article{franco2017impact,
  title={Impact of prealbumin on mortality and hospital readmission in patients with acute heart failure},
  author={Franco, Jonathan and Formiga, Francesc and Trullas, Joan-Carles and Bautista, P Salamanca and Conde, Alicia and Manzano, Luis and Quir{\'o}s, Ra{\'u}l and Franco, {\'A}lvaro Gonz{\'a}lez and Ezquerro, Alejandro Mart{\'\i}n and Montero-P{\'e}rez-Barquero, Manuel and others},
  journal={European journal of internal medicine},
  volume={43},
  pages={36--41},
  year={2017},
  publisher={Elsevier}
}
@article{acharya2018deep,
  title={Deep convolutional neural network for the automated detection and diagnosis of seizure using EEG signals},
  author={Acharya, U Rajendra and Oh, Shu Lih and Hagiwara, Yuki and Tan, Jen Hong and Adeli, Hojjat},
  journal={Computers in biology and medicine},
  volume={100},
  pages={270--278},
  year={2018},
  publisher={Elsevier}
}
@article{biswas2018deep,
  title={Deep learning strategy for accurate carotid intima-media thickness measurement: An ultrasound study on Japanese diabetic cohort},
  author={Biswas, Mainak and Kuppili, Venkatanareshbabu and Araki, Tadashi and Edla, Damodar Reddy and Godia, Elisa Cuadrado and Saba, Luca and Suri, Harman S and Omerzu, Toma{\v{z}} and Laird, John R and Khanna, Narendra N and others},
  journal={Computers in biology and medicine},
  volume={98},
  pages={100--117},
  year={2018},
  publisher={Elsevier}
}
@inproceedings{choi2016doctor,
  title={Doctor ai: Predicting clinical events via recurrent neural networks},
  author={Choi, Edward and Bahadori, Mohammad Taha and Schuetz, Andy and Stewart, Walter F and Sun, Jimeng},
  booktitle={Machine Learning for Healthcare Conference},
  pages={301--318},
  year={2016}
}
@article{choi2016using,
  title={Using recurrent neural network models for early detection of heart failure onset},
  author={Choi, Edward and Schuetz, Andy and Stewart, Walter F and Sun, Jimeng},
  journal={Journal of the American Medical Informatics Association},
  volume={24},
  number={2},
  pages={361--370},
  year={2016},
  publisher={Oxford University Press}
}
@inproceedings{che2017deep,
  title={Deep Learning Solutions for Classifying Patients on Opioid Use},
  author={Che, Zhengping and Sauver, Jennifer St and Liu, Hongfang and Liu, Yan},
  booktitle={AMIA Annual Symposium Proceedings},
  volume={2017},
  pages={525},
  year={2017},
  organization={American Medical Informatics Association}
}
@inproceedings{Rubin2017RecognizingAH,
  title={Recognizing Abnormal Heart Sounds Using Deep Learning},
  author={Jonathan Rubin and Rui Abreu and Anurag Ganguli and Saigopal Nelaturi and Ion Matei and Kumar Sricharan},
  booktitle={KHD@IJCAI},
  year={2017}
}
@article{johnson2016mimic,
  title={MIMIC-III, a freely accessible critical care database},
  author={Johnson, Alistair EW and Pollard, Tom J and Shen, Lu and Li-wei, H Lehman and Feng, Mengling and Ghassemi, Mohammad and Moody, Benjamin and Szolovits, Peter and Celi, Leo Anthony and Mark, Roger G},
  journal={Scientific data},
  volume={3},
  pages={160035},
  year={2016},
  publisher={Nature Publishing Group}
}
@article{greff2017lstm,
  title={LSTM: A search space odyssey},
  author={Greff, Klaus and Srivastava, Rupesh K and Koutn{\'\i}k, Jan and Steunebrink, Bas R and Schmidhuber, J{\"u}rgen},
  journal={IEEE transactions on neural networks and learning systems},
  volume={28},
  number={10},
  pages={2222--2232},
  year={2017},
  publisher={IEEE}
}
@article{esteva2017dermatologist,
  title={Dermatologist-level classification of skin cancer with deep neural networks},
  author={Esteva, Andre and Kuprel, Brett and Novoa, Roberto A and Ko, Justin and Swetter, Susan M and Blau, Helen M and Thrun, Sebastian},
  journal={Nature},
  volume={542},
  number={7639},
  pages={115},
  year={2017},
  publisher={Nature Publishing Group}
}
@inproceedings{dey2017gate,
  title={Gate-variants of Gated Recurrent Unit (GRU) neural networks},
  author={Dey, Rahul and Salemt, Fathi M},
  booktitle={Circuits and Systems (MWSCAS), 2017 IEEE 60th International Midwest Symposium on},
  pages={1597--1600},
  year={2017},
  organization={IEEE}
}
@article{choi2016using,
  title={Using recurrent neural network models for early detection of heart failure onset},
  author={Choi, Edward and Schuetz, Andy and Stewart, Walter F and Sun, Jimeng},
  journal={Journal of the American Medical Informatics Association},
  volume={24},
  number={2},
  pages={361--370},
  year={2016},
  publisher={Oxford University Press}
}


@inproceedings{che2016interpretable,
  title={Interpretable deep models for icu outcome prediction},
  author={Che, Zhengping and Purushotham, Sanjay and Khemani, Robinder and Liu, Yan},
  booktitle={AMIA Annual Symposium Proceedings},
  volume={2016},
  pages={371},
  year={2016},
  organization={American Medical Informatics Association}
}
@article{Che2015DistillingKF,
  title={Distilling Knowledge from Deep Networks with Applications to Healthcare Domain},
  author={Zhengping Che and Sanjay Purushotham and Robinder G. Khemani and Yan Liu},
  journal={CoRR},
  year={2015},
  volume={abs/1512.03542}
}
@article{Biswal2017SLEEPNETAS,
  title={SLEEPNET: Automated Sleep Staging System via Deep Learning},
  author={Siddharth Biswal and Joshua A Kulas and Haoqi Sun and Balaji Goparaju and M. Brandon Westover and Matt T. Bianchi and Jimeng Sun},
  journal={CoRR},
  year={2017},
  volume={abs/1707.08262}
}
@article{che2018recurrent,
  title={Recurrent neural networks for multivariate time series with missing values},
  author={Che, Zhengping and Purushotham, Sanjay and Cho, Kyunghyun and Sontag, David and Liu, Yan},
  journal={Scientific reports},
  volume={8},
  number={1},
  pages={6085},
  year={2018},
  publisher={Nature Publishing Group}
}
@article{hanson2016improving,
  title={Improving protein disorder prediction by deep bidirectional long short-term memory recurrent neural networks},
  author={Hanson, Jack and Yang, Yuedong and Paliwal, Kuldip and Zhou, Yaoqi},
  journal={Bioinformatics},
  volume={33},
  number={5},
  pages={685--692},
  year={2016},
  publisher={Oxford University Press}
}
@inproceedings{liang2015recurrent,
  title={Recurrent convolutional neural network for object recognition},
  author={Liang, Ming and Hu, Xiaolin},
  booktitle={Proceedings of the IEEE Conference on Computer Vision and Pattern Recognition},
  pages={3367--3375},
  year={2015}
}
@article{xiong2018ecg,
  title={ECG signal classification for the detection of cardiac arrhythmias using a convolutional recurrent neural network},
  author={Xiong, Zhaohan and Nash, Martyn P and Cheng, Elizabeth and Fedorov, Vadim V and Stiles, Martin K and Zhao, Jichao},
  journal={Physiological measurement},
  volume={39},
  number={9},
  pages={094006},
  year={2018},
  publisher={IOP Publishing}
}
@inproceedings{Ioffe:2015:BNA:3045118.3045167,
 author = {Ioffe, Sergey and Szegedy, Christian},
 title = {Batch Normalization: Accelerating Deep Network Training by Reducing Internal Covariate Shift},
 booktitle = {Proceedings of the 32Nd International Conference on International Conference on Machine Learning - Volume 37},
 series = {ICML'15},
 year = {2015},
 location = {Lille, France},
 pages = {448--456},
 numpages = {9},
 url = {http://dl.acm.org/citation.cfm?id=3045118.3045167},
 acmid = {3045167},
 publisher = {JMLR.org},
} 
@article{hochreiter1997long,
  title={Long short-term memory},
  author={Hochreiter, Sepp and Schmidhuber, J{\"u}rgen},
  journal={Neural computation},
  volume={9},
  number={8},
  pages={1735--1780},
  year={1997},
  publisher={MIT Press}
}
@article{strack2014impact,
  title={Impact of HbA1c measurement on hospital readmission rates: analysis of 70,000 clinical database patient records},
  author={Strack, Beata and DeShazo, Jonathan P and Gennings, Chris and Olmo, Juan L and Ventura, Sebastian and Cios, Krzysztof J and Clore, John N},
  journal={BioMed research international},
  volume={2014},
  year={2014},
  publisher={Hindawi}
}
@article{bengio2009learning,
  title={Learning deep architectures for AI},
  author={Bengio, Yoshua and others},
  journal={Foundations and trends{\textregistered} in Machine Learning},
  volume={2},
  number={1},
  pages={1--127},
  year={2009},
  publisher={Now Publishers, Inc.}
}
@article{Lipton2015ACR,
  title={A Critical Review of Recurrent Neural Networks for Sequence Learning},
  author={Zachary Chase Lipton},
  journal={CoRR},
  year={2015},
  volume={abs/1506.00019}
}
@article{schuster1997bidirectional,
  title={Bidirectional recurrent neural networks},
  author={Schuster, Mike and Paliwal, Kuldip K},
  journal={IEEE Transactions on Signal Processing},
  volume={45},
  number={11},
  pages={2673--2681},
  year={1997},
  publisher={IEEE}
}

@inproceedings{graves2014towards,
  title={Towards end-to-end speech recognition with recurrent neural networks},
  author={Graves, Alex and Jaitly, Navdeep},
  booktitle={International Conference on Machine Learning},
  pages={1764--1772},
  year={2014}
}
@article{graves2005framewise,
  title={Framewise phoneme classification with bidirectional LSTM and other neural network architectures},
  author={Graves, Alex and Schmidhuber, J{\"u}rgen},
  journal={Neural Networks},
  volume={18},
  number={5-6},
  pages={602--610},
  year={2005},
  publisher={Elsevier}
}

@article{ghassemi2014data,
  title={A data-driven approach to optimized medication dosing: a focus on heparin},
  author={Ghassemi, Mohammad M and Richter, Stefan E and Eche, Ifeoma M and Chen, Tszyi W and Danziger, John and Celi, Leo A},
  journal={Intensive care medicine},
  volume={40},
  number={9},
  pages={1332--1339},
  year={2014},
  publisher={Springer}
}
@article{pirracchio2015mortality,
  title={Mortality prediction in intensive care units with the Super ICU Learner Algorithm (SICULA): a population-based study},
  author={Pirracchio, Romain and Petersen, Maya L and Carone, Marco and Rigon, Matthieu Resche and Chevret, Sylvie and van der Laan, Mark J},
  journal={The Lancet Respiratory Medicine},
  volume={3},
  number={1},
  pages={42--52},
  year={2015},
  publisher={Elsevier}
}
@article{mirjalili2014grey,
  title={Grey wolf optimizer},
  author={Mirjalili, Seyedali and Mirjalili, Seyed Mohammad and Lewis, Andrew},
  journal={Advances in engineering software},
  volume={69},
  pages={46--61},
  year={2014},
  publisher={Elsevier}
}
@article{yang2012bat,
  title={Bat algorithm: a novel approach for global engineering optimization},
  author={Yang, Xin-She and Hossein Gandomi, Amir},
  journal={Engineering Computations},
  volume={29},
  number={5},
  pages={464--483},
  year={2012},
  publisher={Emerald Group Publishing Limited}
}
@article{je2005formulation,
  title={Formulation and comparison of multi-class ROC surfaces},
  author={JE, Jonathan E Fieldsend},
  year={2005},
  publisher={Citeseer}
}