% This file was created with JabRef 2.8.1.
% Encoding: Cp1252

@INPROCEEDINGS{chen2004qos,
  author = {Chen, Dazhi and Varshney, Pramod K},
  title = {QoS Support in Wireless Sensor Networks: A Survey.},
  booktitle = {International Conference on Wireless Networks},
  year = {2004},
  volume = {233},
  pages = {1--7}
}

@ARTICLE{heegaard2009network,
  author = {Heegaard, Poul E and Trivedi, Kishor S},
  title = {Network survivability modeling},
  journal = {Computer Networks},
  year = {2009},
  volume = {53},
  pages = {1215--1234},
  number = {8},
  publisher = {Elsevier}
}

@ARTICLE{jain2005using,
  author = {Jain, Sushant and Demmer, Michael and Patra, Rabin and Fall, Kevin},
  title = {Using redundancy to cope with failures in a delay tolerant network},
  journal = {ACM SIGCOMM computer communication review},
  year = {2005},
  volume = {35},
  pages = {109--120},
  number = {4},
  publisher = {ACM}
}

@INPROCEEDINGS{mohammad2006poster,
  author = {Mohammad, Abdul Jabbar and Hutchison, David and Sterbenz, James PG},
  title = {Poster: Towards quantifying metrics for resilient and survivable
	networks},
  booktitle = {Proceedings of the 14th IEEE International Conference on Network
	Protocols (ICNP 2006). Santa Barbara, California, USA},
  year = {2006},
  pages = {17--18}
}

@ARTICLE{sterbenz2010resilience,
  author = {Sterbenz, James PG and Hutchison, David and {\c{C}}etinkaya, Egemen
	K and Jabbar, Abdul and Rohrer, Justin P and Sch{\"o}ller, Marcus
	and Smith, Paul},
  title = {Resilience and survivability in communication networks: Strategies,
	principles, and survey of disciplines},
  journal = {Computer Networks},
  year = {2010},
  volume = {54},
  pages = {1245--1265},
  number = {8},
  publisher = {Elsevier}
}

@article{pirracchio2015mortality,
  title={Mortality prediction in intensive care units with the Super ICU Learner Algorithm (SICULA): a population-based study},
  author={Pirracchio, Romain and Petersen, Maya L and Carone, Marco and Rigon, Matthieu Resche and Chevret, Sylvie and van der Laan, Mark J},
  journal={The Lancet Respiratory Medicine},
  volume={3},
  number={1},
  pages={42--52},
  year={2015},
  publisher={Elsevier}
}