% This file was created with JabRef 2.5.
% Encoding: Cp1252
}
@article{1,
  title={A data-driven approach to optimized medication dosing: a focus on heparin},
  author={Ghassemi, Mohammad M and Richter, Stefan E and Eche, Ifeoma M and Chen, Tszyi W and Danziger, John and Celi, Leo A},
  journal={Intensive care medicine},
  volume={40},
  number={9},
  pages={1332--1339},
  year={2014},
  publisher={Springer}
}
@article{2,
  title={Mortality prediction in intensive care units with the Super ICU Learner Algorithm (SICULA): a population-based study},
  author={Pirracchio, Romain and Petersen, Maya L and Carone, Marco and Rigon, Matthieu Resche and Chevret, Sylvie and van der Laan, Mark J},
  journal={The Lancet Respiratory Medicine},
  volume={3},
  number={1},
  pages={42--52},
  year={2015},
  publisher={Elsevier}
}


@inproceedings{3,
  title={Interpretable deep models for icu outcome prediction},
  author={Che, Zhengping and Purushotham, Sanjay and Khemani, Robinder and Liu, Yan},
  booktitle={AMIA Annual Symposium Proceedings},
  volume={2016},
  pages={371},
  year={2016},
  organization={American Medical Informatics Association}
}
@article{4,
  title={MIMIC-III, a freely accessible critical care database},
  author={Johnson, Alistair EW and Pollard, Tom J and Shen, Lu and Li-wei, H Lehman and Feng, Mengling and Ghassemi, Mohammad and Moody, Benjamin and Szolovits, Peter and Celi, Leo Anthony and Mark, Roger G},
  journal={Scientific data},
  volume={3},
  pages={160035},
  year={2016},
  publisher={Nature Publishing Group}
}
@article{5,
  title={Predicting hospital readmission for lupus patients: An RNN-LSTM-based deep-learning methodology},
  author={Reddy, Bhargava K and Delen, Dursun},
  journal={Computers in biology and medicine},
  volume={101},
  pages={199--209},
  year={2018},
  publisher={Elsevier}
}
@article{6,
  title={Impact of prealbumin on mortality and hospital readmission in patients with acute heart failure},
  author={Franco, Jonathan and Formiga, Francesc and Trullas, Joan-Carles and Bautista, P Salamanca and Conde, Alicia and Manzano, Luis and Quir{\'o}s, Ra{\'u}l and Franco, {\'A}lvaro Gonz{\'a}lez and Ezquerro, Alejandro Mart{\'\i}n and Montero-P{\'e}rez-Barquero, Manuel and others},
  journal={European journal of internal medicine},
  volume={43},
  pages={36--41},
  year={2017},
  publisher={Elsevier}
}
@article{7,
  title={LSTM: A search space odyssey},
  author={Greff, Klaus and Srivastava, Rupesh K and Koutn{\'\i}k, Jan and Steunebrink, Bas R and Schmidhuber, J{\"u}rgen},
  journal={IEEE transactions on neural networks and learning systems},
  volume={28},
  number={10},
  pages={2222--2232},
  year={2017},
  publisher={IEEE}
}
@article{8,
  title={Improving protein disorder prediction by deep bidirectional long short-term memory recurrent neural networks},
  author={Hanson, Jack and Yang, Yuedong and Paliwal, Kuldip and Zhou, Yaoqi},
  journal={Bioinformatics},
  volume={33},
  number={5},
  pages={685--692},
  year={2016},
  publisher={Oxford University Press}
}
@inproceedings{9,
  title={Recurrent convolutional neural network for object recognition},
  author={Liang, Ming and Hu, Xiaolin},
  booktitle={Proceedings of the IEEE Conference on Computer Vision and Pattern Recognition},
  pages={3367--3375},
  year={2015}
}
@article{10,
  title={Bat algorithm: a novel approach for global engineering optimization},
  author={Yang, Xin-She and Hossein Gandomi, Amir},
  journal={Engineering Computations},
  volume={29},
  number={5},
  pages={464--483},
  year={2012},
  publisher={Emerald Group Publishing Limited}
}
@article{11,
  title={Grey wolf optimizer},
  author={Mirjalili, Seyedali and Mirjalili, Seyed Mohammad and Lewis, Andrew},
  journal={Advances in engineering software},
  volume={69},
  pages={46--61},
  year={2014},
  publisher={Elsevier}
}